@CONFERENCE{hoffer1996,
  author = {R. Hoffer and D. Dean},
  title = {Geomatics at Colorado State University},
  booktitle = {6th Forest Service Remote Sensing Applications Conference},
  year = {1996},
  month = {April 29--May 3},
  owner = {tbhartman},
  timestamp = {2012.07.13}
}

@ARTICLE{ikegami1990,
  author = {R. Ikegami and D.G. Wilson and J.R. Anderson and G.J. Julien},
  title = {Active Vibration Control Using NiTiNOL and Piezoelectric Ceramics,},
  journal = {Journal of Intelligent Material Systems and Structures},
  year = {1990},
  volume = {20},
  pages = {189--206},
  number = {2},
  owner = {tbhartman},
  timestamp = {2012.07.13}
}

@INBOOK{inman1998,
  chapter = {Smart Structures Solutions to Vibration Problems},
  pages = {79--83},
  title = {International Conference on Noise and Vibration Engineering},
  publisher = {Elsevier},
  year = {1998},
  editor = {C.W. Jefford and K.L. Reinhart and L.S. Shield},
  author = {D.J. Inman},
  address = {Amsterdam},
  owner = {tbhartman},
  timestamp = {2012.07.13}
}

@TECHREPORT{margarit1993,
  author = {K.L. Margarit and F.Y. Samnford},
  title = {Basic Technology of Intelligent Systems},
  institution = {Department of Smart Materials, Virginia Polytechnic Institute and
	State University},
  year = {1993},
  number = {Fourth Progress Report},
  address = {Blacksburg},
  month = {March},
  owner = {tbhartman},
  timestamp = {2012.07.13}
}

@BOOK{mitsiti1996,
  title = {Wavelet Toolbox},
  publisher = {The Math Works, Inc.},
  year = {1996},
  author = {M. Mitsiti},
  pages = {111--117},
  owner = {tbhartman},
  timestamp = {2012.07.13}
}

